<record><leader>00000cas a22000007a 4500</leader><controlfield tag="001">23259363</controlfield><controlfield tag="008">910318c19809999pr wr ne      0    0spa d</controlfield><datafield ind1=" " ind2=" " tag="010"><subfield code="a">sn 91099710 </subfield></datafield><datafield ind1=" " ind2=" " tag="040"><subfield code="a">PNN</subfield><subfield code="b">eng</subfield><subfield code="c">PNN</subfield><subfield code="d">OCLCQ</subfield></datafield><datafield ind1=" " ind2=" " tag="042"><subfield code="a">msc</subfield></datafield><datafield ind1="0" ind2="0" tag="245"><subfield code="a">Todo Carolina-Ri&#769;o Piedras.</subfield></datafield><datafield ind1="1" ind2="3" tag="246"><subfield code="a">Todo Ri&#769;o Piedras-Carolina</subfield></datafield><datafield ind1=" " ind2=" " tag="260"><subfield code="a">Bayamo&#769;n, P.R. :</subfield><subfield code="b">Todo, Inc.</subfield></datafield><datafield ind1=" " ind2=" " tag="300"><subfield code="a">v.</subfield></datafield><datafield ind1=" " ind2=" " tag="310"><subfield code="a">Weekly</subfield></datafield><datafield ind1="1" ind2=" " tag="362"><subfield code="a">Began in 1980.</subfield></datafield><datafield ind1=" " ind2=" " tag="500"><subfield code="a">Published at Carolina, P.R. by Prestige Communication from 1983?-</subfield></datafield><datafield ind1=" " ind2=" " tag="588"><subfield code="a">Description based on: An&#771;o 3, Nu&#769;m. 79 (24 de noviembre de 1983).</subfield></datafield><datafield ind1=" " ind2=" " tag="752"><subfield code="a">United States</subfield><subfield code="b">Puerto Rico</subfield><subfield code="d">Carolina.</subfield></datafield><datafield ind1=" " ind2=" " tag="752"><subfield code="a">United States</subfield><subfield code="b">Puerto Rico</subfield><subfield code="d">Ri&#769;o Piedras.</subfield></datafield><datafield ind1="1" ind2=" " tag="029"><subfield code="a">AU@</subfield><subfield code="b">000025879947</subfield></datafield></record>